
    <zs:record>
      <zs:recordSchema/>
      <zs:recordPacking>xml</zs:recordPacking>
      <zs:recordData>
        <record xmlns="http://www.loc.gov/MARC21/slim">
          <leader>01957cam a2200493 a 4500</leader>
          <controlfield tag="001">18261202</controlfield>
          <controlfield tag="005">20170526105854.0</controlfield>
          <controlfield tag="008">121221s2012    it a     b    000 0 eng d</controlfield>
          <datafield tag="906" ind1=" " ind2=" ">
            <subfield code="a">7</subfield>
            <subfield code="b">cbc</subfield>
            <subfield code="c">copycat</subfield>
            <subfield code="d">3</subfield>
            <subfield code="e">ncip</subfield>
            <subfield code="f">20</subfield>
            <subfield code="g">y-gencatlg</subfield>
          </datafield>
          <datafield tag="923" ind1=" " ind2=" ">
            <subfield code="d">20140731</subfield>
            <subfield code="n">14-38090</subfield>
            <subfield code="s">93001782</subfield>
          </datafield>
          <datafield tag="925" ind1="0" ind2=" ">
            <subfield code="a">acquire</subfield>
            <subfield code="b">1 shelf copy</subfield>
            <subfield code="x">policy default</subfield>
          </datafield>
          <datafield tag="955" ind1=" " ind2=" ">
            <subfield code="b">bd08 2017-05-01 z-processor</subfield>
            <subfield code="e">bd08 2017-05-26</subfield>
            <subfield code="i">bd08 2017-05-26 (OT)</subfield>
          </datafield>
          <datafield tag="010" ind1=" " ind2=" ">
            <subfield code="a">  2014480567</subfield>
          </datafield>
          <datafield tag="016" ind1="7" ind2=" ">
            <subfield code="a">016148413</subfield>
            <subfield code="2">Uk</subfield>
          </datafield>
          <datafield tag="020" ind1=" " ind2=" ">
            <subfield code="a">9788862082419</subfield>
          </datafield>
          <datafield tag="020" ind1=" " ind2=" ">
            <subfield code="a">886208241X</subfield>
          </datafield>
          <datafield tag="035" ind1=" " ind2=" ">
            <subfield code="a">(OCoLC)ocn794363465</subfield>
          </datafield>
          <datafield tag="040" ind1=" " ind2=" ">
            <subfield code="a">BTCTA</subfield>
            <subfield code="b">eng</subfield>
            <subfield code="c">BTCTA</subfield>
            <subfield code="d">BRZ</subfield>
            <subfield code="d">UKMGB</subfield>
            <subfield code="d">YDXCP</subfield>
            <subfield code="d">VGM</subfield>
            <subfield code="d">C3L</subfield>
            <subfield code="d">ZCU</subfield>
            <subfield code="d">PUL</subfield>
            <subfield code="d">TOH</subfield>
            <subfield code="d">OCLCQ</subfield>
            <subfield code="d">DLC</subfield>
          </datafield>
          <datafield tag="041" ind1="0" ind2=" ">
            <subfield code="a">ita</subfield>
            <subfield code="a">eng</subfield>
          </datafield>
          <datafield tag="042" ind1=" " ind2=" ">
            <subfield code="a">lccopycat</subfield>
          </datafield>
          <datafield tag="043" ind1=" " ind2=" ">
            <subfield code="a">n-us-ny</subfield>
          </datafield>
          <datafield tag="082" ind1="0" ind2="4">
            <subfield code="a">779</subfield>
            <subfield code="2">21</subfield>
          </datafield>
          <datafield tag="050" ind1="0" ind2="0">
            <subfield code="a">TR655</subfield>
            <subfield code="b">.L55 2012</subfield>
          </datafield>
          <datafield tag="100" ind1="1" ind2=" ">
            <subfield code="a">Light, Gaia.</subfield>
          </datafield>
          <datafield tag="245" ind1="1" ind2="0">
            <subfield code="a">Brooklyn buzz /</subfield>
            <subfield code="c">Gaia Light, Alessandro Cosmelli ; texts, James Wellford, Marion Durand, Gavin Keeney.</subfield>
          </datafield>
          <datafield tag="264" ind1=" " ind2="1">
            <subfield code="a">Bologna, Italy :</subfield>
            <subfield code="b">Damiani Editore,</subfield>
            <subfield code="c">©2012.</subfield>
          </datafield>
          <datafield tag="300" ind1=" " ind2=" ">
            <subfield code="a">[192] pages :</subfield>
            <subfield code="b">all color illustrations ;</subfield>
            <subfield code="c">24 cm</subfield>
          </datafield>
          <datafield tag="336" ind1=" " ind2=" ">
            <subfield code="a">text</subfield>
            <subfield code="b">txt</subfield>
            <subfield code="2">rdacontent</subfield>
          </datafield>
          <datafield tag="337" ind1=" " ind2=" ">
            <subfield code="a">unmediated</subfield>
            <subfield code="b">n</subfield>
            <subfield code="2">rdamedia</subfield>
          </datafield>
          <datafield tag="338" ind1=" " ind2=" ">
            <subfield code="a">volume</subfield>
            <subfield code="b">nc</subfield>
            <subfield code="2">rdacarrier</subfield>
          </datafield>
          <datafield tag="520" ind1=" " ind2=" ">
            <subfield code="a">"Italian-born photographers Alessandro Cosmelli and Gaia Light's Brooklyn Buzz uses the framing device of a bus window frame, and the attendant serendipities of photographing on a moving vehicle, to present an extended photographic portrait of Brooklyn and its inhabitants."--Publisher description.</subfield>
          </datafield>
          <datafield tag="504" ind1=" " ind2=" ">
            <subfield code="a">Includes bibliographical references.</subfield>
          </datafield>
          <datafield tag="546" ind1=" " ind2=" ">
            <subfield code="a">Text in English.</subfield>
          </datafield>
          <datafield tag="600" ind1="1" ind2="0">
            <subfield code="a">Cosmelli, Alessandro,</subfield>
            <subfield code="d">1972-</subfield>
          </datafield>
          <datafield tag="600" ind1="1" ind2="0">
            <subfield code="a">Light, Gaia.</subfield>
          </datafield>
          <datafield tag="650" ind1=" " ind2="0">
            <subfield code="a">Photography, Artistic.</subfield>
          </datafield>
          <datafield tag="651" ind1=" " ind2="0">
            <subfield code="a">Brooklyn (New York, N.Y.)</subfield>
            <subfield code="v">In art.</subfield>
          </datafield>
          <datafield tag="651" ind1=" " ind2="0">
            <subfield code="a">Brooklyn (New York, N.Y.)</subfield>
            <subfield code="v">Pictorial works.</subfield>
          </datafield>
          <datafield tag="700" ind1="1" ind2=" ">
            <subfield code="a">Cosmelli, Alessandro,</subfield>
            <subfield code="d">1972-</subfield>
          </datafield>
          <datafield tag="700" ind1="1" ind2=" ">
            <subfield code="a">Durand, Marion.</subfield>
          </datafield>
          <datafield tag="700" ind1="1" ind2=" ">
            <subfield code="a">Wellford, James.</subfield>
          </datafield>
          <datafield tag="700" ind1="1" ind2=" ">
            <subfield code="a">Keeney, Gavin.</subfield>
          </datafield>
          <datafield tag="955" ind1=" " ind2=" ">
            <subfield code="b">bd19 2014-11-17</subfield>
          </datafield>
          <datafield tag="985" ind1=" " ind2=" ">
            <subfield code="e">VENDOR LOAD</subfield>
          </datafield>
        </record>
      </zs:recordData>
      <zs:recordPosition>2</zs:recordPosition>
    </zs:record>